@article{ghia1982high,
  title={High-{R}e solutions for incompressible flow using the
      {N}avier-{S}tokes equations and a multigrid method},
  author={Ghia, UKNG and Ghia, Kirti N and Shin, CT},
  journal={Journal of computational physics},
  volume={48},
  number={3},
  pages={387--411},
  year={1982},
  publisher={Elsevier}
}

@article{navier1822memoire,
  title={Memoire sur les lois du mouvement des fluides},
  author={Claude Louis Marie Henri Navier},
  journal={M{\'e}moires de l'Acad{\'e}mie Royale des Sciences de l'Institut de France},
  volume={6},
  pages={389--440},
  year={1822},
}

@article{stokes1845theories,
  title={On the Theories of the Internal Friction of Fluids in Motion and of
      the Equilibrium and Motion of Elastic Solids},
  author={George Gabriel Stokes},
  journal={Transactions of the Cambridge Philosophical Society},
  volume={8},
  pages={287--319},
  year={1845},
}

@article{marshall1997finite,
  title={A finite-volume, incompressible {N}avier-{S}tokes model for studies of
      the ocean on parallel computers},
  author={Marshall, John and Adcroft, Alistair and Hill, Chris and Perelman, Lev and Heisey, Curt},
  journal={Journal of Geophysical Research: Oceans},
  volume={102},
  number={C3},
  pages={5753--5766},
  year={1997},
  publisher={Wiley Online Library}
}

@article{giraldo2008study,
  title={A study of spectral element and discontinuous {G}alerkin methods for
      the {N}avier-{S}tokes equations in nonhydrostatic mesoscale atmospheric
          modeling: {E}quation sets and test cases},
  author={Giraldo, Francis X and Restelli, Marco},
  journal={Journal of Computational Physics},
  volume={227},
  number={8},
  pages={3849--3877},
  year={2008},
  publisher={Elsevier}
}

@article{jameson1998optimum,
  title={Optimum aerodynamic design using the {N}avier-{S}tokes equations},
  author={Jameson, Antony and Martinelli, L and Pierce, NA},
  journal={Theoretical and Computational Fluid Dynamics},
  volume={10},
  number={1-4},
  pages={213--237},
  year={1998},
  publisher={Springer}
}

@article{thomas1990navier,
  title={{N}avier-{S}tokes computations of vortical flows over low-aspect-ratio wings},
  author={Thomas, James L and Anderson, W Kyle and Krist, Sherrie Taylor},
  journal={AIAA journal},
  volume={28},
  number={2},
  pages={205--212},
  year={1990}
}

@article{rai1987navier,
  title={Navier-{S}tokes simulations of rotor/stator interaction using patched and overlaid grids},
  author={Rai, Man Mohan},
  journal={Journal of Propulsion and Power},
  volume={3},
  number={5},
  pages={387--396},
  year={1987}
}

@article{peskin1977numerical,
  title={Numerical analysis of blood flow in the heart},
  author={Peskin, Charles S},
  journal={Journal of Computational Physics},
  volume={25},
  number={3},
  pages={220--252},
  year={1977},
  publisher={Elsevier}
}

@article{mihaescu2008large,
  title={Large Eddy Simulation and {R}eynolds-Averaged {N}avier-{S}tokes modeling of
      flow in a realistic pharyngeal airway model: {A}n investigation of
          obstructive sleep apnea},
  author={Mihaescu, Mihai and Murugappan, Shanmugam and Kalra, Maninder and
      Khosla, Sid and Gutmark, Ephraim},
  journal={Journal of Biomechanics},
  volume={41},
  number={10},
  pages={2279--2288},
  year={2008},
  publisher={Elsevier}
}

@article{vinay2006numerical,
  title={Numerical simulation of weakly compressible {B}ingham flows: the restart
      of pipeline flows of waxy crude oils},
  author={Vinay, Guillaume and Wachs, Anthony and Agassant, Jean-Fran{\c{c}}ois},
  journal={Journal of non-newtonian fluid mechanics},
  volume={136},
  number={2},
  pages={93--105},
  year={2006},
  publisher={Elsevier}
}

@article{deiber1979flow,
  title={Flow through tubes with sinusoidal axial variations in diameter},
  author={Deiber, JA and Schowalter, WR},
  journal={AIChE Journal},
  volume={25},
  number={4},
  pages={638--645},
  year={1979},
  publisher={Wiley Online Library}
}

@article{cardenas2007navier,
  title={Navier-{S}tokes flow and transport simulations using real fractures
      shows heavy tailing due to eddies},
  author={Cardenas, M Bayani and Slottke, Donald T and Ketcham, Richard A and Sharp, John M},
  journal={Geophysical Research Letters},
  volume={34},
  number={14},
  year={2007},
  publisher={Wiley Online Library}
}

@article{boyer2010cahn,
  title={Cahn--{H}illiard/{N}avier--{S}tokes model for the simulation of three-phase flows},
  author={Boyer, Franck and Lapuerta, C{\'e}line and Minjeaud, Sebastian and
      Piar, Bruno and Quintard, Michel},
  journal={Transport in Porous Media},
  volume={82},
  number={3},
  pages={463--483},
  year={2010},
  publisher={Springer}
}

@article{fefferman2006existence,
  title={Existence and smoothness of the {N}avier-{S}tokes equation},
  author={Fefferman, Charles L},
  journal={The Millennium Prize Problems},
  pages={57--67},
  year={2006}
}

@article{bingham1916investigation,
  title={An investigation of the laws of plastic flow},
  author={Bingham, Eugene Cook},
  journal={Bulletin of the Bureau of Standards},
  volume={13},
  number={2},
  pages={309--353},
  year={1916},
  publisher={Government Printing Office}
}

@book{zikanov2010essential,
  title={Essential Computational Fluid Dynamics},
  author={Zikanov, Oleg},
  year={2010},
  publisher={John Wiley \& Sons}
}

@article{chorin1968numerical,
  title={Numerical solution of the {N}avier-{S}tokes equations},
  author={Chorin, Alexandre Joel},
  journal={Mathematics of Computation},
  volume={22},
  number={104},
  pages={745--762},
  year={1968}
}

@article{liu1995projection,
  title={Projection method {I}: convergence and numerical boundary layers},
  author={Liu, Jian-Guo},
  journal={SIAM journal on numerical analysis},
  volume={32},
  number={4},
  pages={1017--1057},
  year={1995},
  publisher={SIAM}
}

@MISC{eigenweb,
  author={Ga\"{e}l Guennebaud and Beno\^{i}t Jacob and others},
  title={Eigen v3},
  howpublished={http://eigen.tuxfamily.org},
  year={2010}
 }

@article{kress2006time,
  title={Time step restrictions using semi-explicit methods for the
         incompressible {N}avier--{S}tokes equations},
  author={Kress, Wendy and L{\"o}tstedt, Per},
  journal={Computer Methods in Applied Mechanics and Engineering},
  volume={195},
  number={33},
  pages={4433--4447},
  year={2006},
  publisher={Elsevier}
}

@article{papanastasiou1987flows,
  title={Flows of materials with yield},
  author={Papanastasiou, Tasos C},
  journal={Journal of Rheology},
  volume={31},
  number={5},
  pages={385--404},
  year={1987},
  publisher={The Society of Rheology}
}

@article{vola2003laminar,
  title={Laminar unsteady flows of {B}ingham fluids: a numerical strategy and
         some benchmark results},
  author={Vola, D and Boscardin, L and Latch{\'e}, JC},
  journal={Journal of Computational Physics},
  volume={187},
  number={2},
  pages={441--456},
  year={2003},
  publisher={Elsevier}
}

@article{muravleva2015uzawa,
  title={Uzawa-like methods for numerical modeling of unsteady viscoplastic {B}ingham medium flows},
  author={Muravleva, Larisa},
  journal={Applied Numerical Mathematics},
  volume={93},
  pages={140--149},
  year={2015},
  publisher={Elsevier}
}

@unpublished{chupin2015bi,
  TITLE = {A bi-projection method for {B}ingham type flows},
  AUTHOR = {Chupin, Laurent and Dubois, Thierry},
  URL = {https://hal.archives-ouvertes.fr/hal-01166406},
  NOTE = {working paper or preprint},
  YEAR = {2015},
  MONTH = Jan,
  PDF = {https://hal.archives-ouvertes.fr/hal-01166406/file/Bingham.pdf},
  HAL_ID = {hal-01166406},
  HAL_VERSION = {v2},
}

@article{syrakos2014performance,
  title={Performance of the finite volume method in solving regularised
      {B}ingham flows: Inertia effects in the lid-driven cavity flow},
  author={Syrakos, Alexandros and Georgiou, Georgios C and Alexandrou, Andreas N},
  journal={Journal of Non-Newtonian Fluid Mechanics},
  volume={208},
  pages={88--107},
  year={2014},
  publisher={Elsevier}
}

@article{syrakos2013solution,
  title={Solution of the square lid-driven cavity flow of a {B}ingham plastic
      using the finite volume method},
  author={Syrakos, Alexandros and Georgiou, Georgios C and Alexandrou, Andreas N},
  journal={Journal of Non-Newtonian Fluid Mechanics},
  volume={195},
  pages={19--31},
  year={2013},
  publisher={Elsevier}
}

@article{mitsoulis2001flow,
  title={Flow of {B}ingham plastics in a lid-driven square cavity},
  author={Mitsoulis, E and Zisis, T},
  journal={Journal of Non-Newtonian Fluid Mechanics},
  volume={101},
  number={1},
  pages={173--180},
  year={2001},
  publisher={Elsevier}
}

@article{hockney1965fast,
  title={A fast direct solution of {P}oisson's equation using {F}ourier analysis},
  author={Hockney, Roger W},
  journal={Journal of the Association for Computing Machinery (JACM)},
  volume={12},
  number={1},
  pages={95--113},
  year={1965},
  publisher={ACM}
}

@article{schoch2013eulerian,
  title={An {E}ulerian algorithm for coupled simulations of elastoplastic-solids
      and condensed-phase explosives},
  author={Schoch, Stefan and Nordin-Bates, Kevin and Nikiforakis, Nikolaos},
  journal={Journal of Computational Physics},
  volume={252},
  pages={163--194},
  year={2013},
  publisher={Elsevier}
}

@article{klein2009well,
  title={Well-balanced compressible cut-cell simulation of atmospheric flow},
  author={Klein, R and Bates, KR and Nikiforakis, N},
  journal={Philosophical Transactions of the Royal Society of London A:
      Mathematical, Physical and Engineering Sciences},
  volume={367},
  number={1907},
  pages={4559--4575},
  year={2009},
  publisher={The Royal Society}
}

@article{lovett2015adaptive,
  title={Adaptive mesh refinement for compressible thermal flow in porous media},
  author={Lovett, Sean and Nikiforakis, Nikolaos and Monmont, Franck},
  journal={Journal of Computational Physics},
  volume={280},
  pages={21--36},
  year={2015},
  publisher={Elsevier}
}
